<?xml version="1.0" encoding="utf-8"?>
<record xmlns="http://www.loc.gov/MARC21/slim" xmlns:xsi="http://www.w3.org/2001/XMLSchema-instance" xsi:schemaLocation="http://www.loc.gov/MARC21/slim http://www.loc.gov/standards/marcxml/schema/MARC21slim.xsd">
	<leader>     nam a22        4500</leader>
	<controlfield tag="001">b12758279</controlfield>
	<controlfield tag="003">LeBAU</controlfield>
	<controlfield tag="006">m        d        </controlfield>
	<controlfield tag="007">cr cn |||m|||a</controlfield>
	<controlfield tag="008">160709s1949    ua      ob    000 0 ara d</controlfield>
	<datafield ind1=" " ind2=" " tag="040">
		<subfield code="a">NNU</subfield>
		<subfield code="b">ara</subfield>
		<subfield code="e">rda</subfield>
		<subfield code="c">NNU</subfield>
	</datafield>
	<datafield ind1="0" ind2="4" tag="082">
		<subfield code="a">297.08</subfield>
		<subfield code="2">20</subfield>
	</datafield>
	<datafield ind1="1" ind2=" " tag="100">
		<subfield code="6">880-01</subfield>
		<subfield code="a">ʻAbd al-Bāqī, Muḥammad Fuʼād,</subfield>
		<subfield code="e">author.</subfield>
	</datafield>
	<datafield ind1="1" ind2="0" tag="245">
		<subfield code="6">880-02</subfield>
		<subfield code="a">al-Lu’lu’ wa-al-mirjān fīmā ittafaqa ‘alyhi al-shaykḥān imāmā al-muḥaddithīn Abū ‘Abd Allāh Muḥammad ibn Isma‘īl ibn Ibrahīm ibn al-Mughīrah ibn Bardizbah al-Bukhārī wa-Abū al-Ḥusayn Muslim ibn al-Ḥajjāj ibn Muslim al-Qushayrī al-Nīsabūrī fī Ṣaḥīḥihimā alladhayn humā aṣaḥḥ al-kutub al-muṣannafah /</subfield>
		<subfield code="c">waḍ‘ahu Muḥammad Fu’ād ‘Abd al-Bāqī.</subfield>
	</datafield>
	<datafield ind1=" " ind2="1" tag="264">
		<subfield code="6">880-03</subfield>
		<subfield code="a">al-Qāhirah :</subfield>
		<subfield code="b">Dār Iḥyā’ al-Kutub al-‘Arabīyah, Īsá al-Bābī al-Ḥalabī wa-Shurakāh,</subfield>
		<subfield code="c">1368 H. = 1949 M.</subfield>
	</datafield>
	<datafield ind1=" " ind2=" " tag="300">
		<subfield code="6">880-04</subfield>
		<subfield code="a">online resource (3 volumes)</subfield>
	</datafield>
	<datafield ind1=" " ind2=" " tag="336">
		<subfield code="a">text</subfield>
		<subfield code="2">rdacontent</subfield>
	</datafield>
	<datafield ind1=" " ind2=" " tag="337">
		<subfield code="a">computer</subfield>
		<subfield code="2">rdamedia</subfield>
	</datafield>
	<datafield ind1=" " ind2=" " tag="338">
		<subfield code="a">online resource</subfield>
		<subfield code="2">rdacarrier</subfield>
	</datafield>
	<datafield ind1=" " ind2=" " tag="500">
		<subfield code="a">Part of the Arabic Collections Online (ACO) project, contributed by American University of Beirut's Jafet Memorial Library.</subfield>
	</datafield>
	<datafield ind1=" " ind2=" " tag="504">
		<subfield code="a">يتضمن مراجع ببليوغرافية.</subfield>
	</datafield>
	<datafield ind1=" " ind2=" " tag="533">
		<subfield code="a">Electronic reproduction.</subfield>
		<subfield code="b">New York, N.Y. :</subfield>
		<subfield code="c">New York University,</subfield>
		<subfield code="d">2016.</subfield>
		<subfield code="5">NNU</subfield>
	</datafield>
	<datafield ind1=" " ind2=" " tag="590">
		<subfield code="a">النسخة الثانية: 3 أجزاء في 1.</subfield>
	</datafield>
	<datafield ind1="1" ind2="4" tag="600">
		<subfield code="a">البخاري، أبو عبد الله محمد بن إسماعيل،</subfield>
		<subfield code="d">810-870.</subfield>
		<subfield code="t">الجامع الصحيح.</subfield>
	</datafield>
	<datafield ind1="1" ind2="4" tag="600">
		<subfield code="a">مسلم بن الحجاج، أبو الحسين،</subfield>
		<subfield code="d">820-875.</subfield>
		<subfield code="t">الجامع الصحيح.</subfield>
	</datafield>
	<datafield ind1="1" ind2="0" tag="600">
		<subfield code="a">Bukhari, Muhammad ibn Isma'il,</subfield>
		<subfield code="d">810-870.</subfield>
		<subfield code="t">Jami' al-sahih.</subfield>
	</datafield>
	<datafield ind1="0" ind2="0" tag="600">
		<subfield code="a">Muslim ibn al-Ḥajjāj al-Qushayrī,</subfield>
		<subfield code="d">approximately 821-875.</subfield>
		<subfield code="t">Jāmiʻ al-ṣaḥīḥ.</subfield>
	</datafield>
	<datafield ind1=" " ind2="4" tag="650">
		<subfield code="a">الحديث</subfield>
		<subfield code="x">نقد وتأويل.</subfield>
	</datafield>
	<datafield ind1=" " ind2="0" tag="650">
		<subfield code="a">Hadith</subfield>
		<subfield code="x">Criticism, interpretation, etc.</subfield>
	</datafield>
	<datafield ind1="2" ind2=" " tag="710">
		<subfield code="a">Jafet Memorial Library.</subfield>
	</datafield>
	<datafield ind1="0" ind2=" " tag="730">
		<subfield code="a">Arabic Collections Online.</subfield>
	</datafield>
	<datafield ind1="0" ind2="8" tag="776">
		<subfield code="i">Print version:</subfield>
		<subfield code="a">ʻAbd al-Bāqī, Muḥammad Fuʼād, author.</subfield>
		<subfield code="t">al-Lu’lu’ wa-al-mirjān fīmā ittafaqa ‘alyhi al-shaykḥān imāmā al-muḥaddithīn Abū ‘Abd Allāh Muḥammad ibn Isma‘īl ibn Ibrahīm ibn al-Mughīrah ibn Bardizbah al-Bukhārī wa-Abū al-Ḥusayn Muslim ibn al-Ḥajjāj ibn Muslim al-Qushayrī al-Nīsabūrī fī Ṣaḥīḥihimā alladhayn humā aṣaḥḥ al-kutub al-muṣannafah</subfield>
		<subfield code="w">(LeBAU)b12758279</subfield>
	</datafield>
	<datafield ind1="4" ind2="0" tag="856">
		<subfield code="u">http://hdl.handle.net/2333.1/j0zpcd22</subfield>
	</datafield>
	<datafield ind1="1" ind2=" " tag="880">
		<subfield code="6">100-01/(3/r</subfield>
		<subfield code="a">عبد الباقي، محمد فؤاد،</subfield>
		<subfield code="e">مؤلف. </subfield>
		<subfield code="4">aut.</subfield>
	</datafield>
	<datafield ind1="1" ind2="0" tag="880">
		<subfield code="6">245-02/(3/r</subfield>
		<subfield code="a">اللؤلؤ و المرجان فيما إتفق عليه الشيخان اماما المحدثين أبو عبد الله محمد بن إسماعيل بن إبراهيم بن المغيرة بن بردزبة البخاري وأبو الحسين مسلم بن الحجاج بن مسلم القشيري النيسابوري في صحيحهما اللذين هما أصح الكتب المصنفة /</subfield>
		<subfield code="c">وضعه محمد فؤاد عبد الباقي.</subfield>
	</datafield>
	<datafield ind1=" " ind2="1" tag="880">
		<subfield code="6">264-03/(3/r</subfield>
		<subfield code="a">القاهرة :</subfield>
		<subfield code="b">دار إحياء الكتب العربية، عيسى البابي الحلبي وشركاه،</subfield>
		<subfield code="c">1368 هـ. = 1949 م.</subfield>
	</datafield>
	<datafield ind1=" " ind2=" " tag="880">
		<subfield code="6">300-04/(3/r</subfield>
		<subfield code="a">3 أجزاء ؛</subfield>
		<subfield code="c">29 سم</subfield>
	</datafield>
	<datafield ind1=" " ind2=" " tag="959">
		<subfield code="a">NNU</subfield>
		<subfield code="b">WEB</subfield>
		<subfield code="c">GENI</subfield>
		<subfield code="t">0</subfield>
		<subfield code="m">Electronic access</subfield>
		<subfield code="s">01</subfield>
	</datafield>
	<datafield ind1=" " ind2=" " tag="999">
		<subfield code="i">LeBAU_b12758279</subfield>
		<subfield code="s">aub_aco000106:v.1</subfield>
		<subfield code="s">aub_aco000107:v.2</subfield>
		<subfield code="s">aub_aco000108:v.3</subfield>
		<subfield code="e">(ERROR-MISC)</subfield>
	</datafield>
</record>
